@book{craig_2005, place={NY NY}, edition={3rd}, title={Introduction to robotics: mechanics and control}, publisher={Pearson}, author={Craig, John J.}, year={2005}}
@misc{quaternion,
author = {},
title = {Quaternion - Wikipedia},
howpublished = {\url{https://en.wikipedia.org/wiki/Quaternion}},
month = {},
year = {},
note = {(Accessed on 07/26/2017)}
}
@misc{kuka,
author = {},
title = {KR 210 F exclusive | KUKA AG},
howpublished = {\url{https://www.kuka.com/en-us/products/robotics-systems/industrial-robots/kr-210-2-f-exclusive}},
month = {},
year = {},
note = {(Accessed on 07/26/2017)}
}
@misc{trigonometric,
author = {},
title = {List of trigonometric identities - Wikipedia},
howpublished = {\url{https://en.wikipedia.org/wiki/List_of_trigonometric_identities#Linear_combinations}},
month = {},
year = {},
note = {(Accessed on 07/26/2017)}
}
@misc{tftransf81:online,
author = {},
title = {tf.transformations},
howpublished = {\url{https://w3.cs.jmu.edu/spragunr/CS354_S14/labs/tf_lab/html/tf.transformations-module.html}},
month = {},
year = {},
note = {(Accessed on 07/26/2017)}
}
